@article{kim2018,
  title={Interpretability Beyond Feature Attribution: Quantitative Testing with Concept Activation Vectors (TCAV)},
  author={Kim, Been and Wattenberg, Martin and Gilmer, Justin and Cai, Carrie and Wexler, James and Viegas, Fernanda and Sayres, Rory},
  journal={International Conference on Machine Learning},
  pages={2668--2677},
  year={2018}
}

@article{bau2017,
  title={Network Dissection: Quantifying Interpretability of Deep Visual Representations},
  author={Bau, David and Zhou, Bolei and Khosla, Aditya and Oliva, Aude and Torralba, Antonio},
  journal={Proceedings of the IEEE Conference on Computer Vision and Pattern Recognition},
  pages={6541--6549},
  year={2017}
}

@article{elhage2022toy,
  title={Toy Models of Superposition},
  author={Elhage, Nelson and Hume, Tristan and Olsson, Catherine and Schiefer, Nicholas and Henighan, Tom and Kravec, Shauna and Hatfield-Dodds, Zac and Lasenby, Robert and Drain, Dawn and Chen, Carol and Grosse, Roger and McCandlish, Sam and Kaplan, Jared and Amodei, Dario and Wattenberg, Martin and Olah, Christopher},
  journal={Transformer Circuits Thread},
  year={2022},
  url={https://transformer-circuits.pub/2022/toy_model/index.html}
}

@article{elhage2022superposition,
  title={Softmax Linear Units},
  author={Elhage, Nelson and Hume, Tristan and Olsson, Catherine and Nanda, Neel and Henighan, Tom and Johnston, Scott and ElShowk, Sheer and Joseph, Nicholas and DasSarma, Nova and Mann, Ben and Hernandez, Danny and Askell, Amanda and Ndousse, Kamal and Jones, Andy and Drain, Dawn and Chen, Anna and Bai, Yuntao and Ganguli, Deep and Lovitt, Liane and Hatfield-Dodds, Zac and Kernion, Jackson and Conerly, Tom and Kravec, Shauna and Fort, Stanislav and Kadavath, Saurav and Jacobson, Josh and Tran-Johnson, Eli and Kaplan, Jared and Clark, Jack and Brown, Tom and McCandlish, Sam and Amodei, Dario and Olah, Christopher},
  journal={Transformer Circuits Thread},
  year={2022},
  url={https://transformer-circuits.pub/2022/solu/index.html}
}

@article{zhang2024,
  title={Subspace Offsets: Interpretable and Consistent Inter-Class Representation Divergence},
  author={Zhang, Jiahao and Zhou, Wei and Luo, Jiebo},
  journal={Advances in Neural Information Processing Systems},
  year={2024}
}

@article{kornblith2019,
  title={Similarity of Neural Network Representations Revisited},
  author={Kornblith, Simon and Norouzi, Mohammad and Lee, Honglak and Hinton, Geoffrey},
  journal={International Conference on Machine Learning},
  pages={3519--3529},
  year={2019}
}

@article{raghu2017,
  title={SVCCA: Singular Vector Canonical Correlation Analysis for Deep Learning Dynamics and Interpretability},
  author={Raghu, Maithra and Gilmer, Justin and Yosinski, Jason and Sohl-Dickstein, Jascha},
  journal={Advances in Neural Information Processing Systems},
  pages={6076--6085},
  year={2017}
}

@article{zhou2018,
  title={Interpretable Deep Learning under Fire},
  author={Zhou, Xinyang and Huang, Shixiang and Li, Bin and Li, Yu and Zhu, Jun and Xue, Mingquan},
  journal={arXiv preprint arXiv:1812.00891},
  year={2018}
}

@article{bills2023,
  title={Language Models as Annotators: Trustworthiness of Annotation for Neuron Interpretation},
  author={Bills, Stella and Chughtai, Bilal and Brack, Max and Wang, Xinyu and Gioia, Cassidy and Black, Sherol and Schubert, Martin},
  journal={arXiv preprint arXiv:2311.11797},
  year={2023}
}

@article{kovalerchuk2024,
  title={Explainable Threshold Similarity for Transparent Cluster Definitions},
  author={Kovalerchuk, Boris and Huber, James},
  journal={IEEE Transactions on Artificial Intelligence},
  year={2024},
  note={to appear}
}

@article{ribeiro2016,
  title={"Why Should I Trust You?": Explaining the Predictions of Any Classifier},
  author={Ribeiro, Marco Tulio and Singh, Sameer and Guestrin, Carlos},
  journal={Proceedings of the 22nd ACM SIGKDD International Conference on Knowledge Discovery and Data Mining},
  pages={1135--1144},
  year={2016}
}

@article{lundberg2017,
  title={A Unified Approach to Interpreting Model Predictions},
  author={Lundberg, Scott M and Lee, Su-In},
  journal={Advances in Neural Information Processing Systems},
  pages={4765--4774},
  year={2017}
}

@article{dasgupta2020,
  title={Explainable k-Means and k-Medians Clustering},
  author={Dasgupta, Sanjoy and Frost, Nave and Moshkovitz, Michal},
  journal={International Conference on Machine Learning},
  pages={2349--2358},
  year={2020}
}

@article{sundararajan2017,
  title={Axiomatic Attribution for Deep Networks},
  author={Sundararajan, Mukund and Taly, Ankur and Yan, Qiqi},
  journal={International Conference on Machine Learning},
  pages={3319--3328},
  year={2017}
}

@article{gower1975,
  title={Generalized Procrustes Analysis},
  author={Gower, John C},
  journal={Psychometrika},
  volume={40},
  number={1},
  pages={33--51},
  year={1975}
}

@article{von2007,
  title={A Tutorial on Spectral Clustering},
  author={von Luxburg, Ulrike},
  journal={Statistics and Computing},
  volume={17},
  number={4},
  pages={395--416},
  year={2007}
}

@article{ansuini2019,
  title={Intrinsic Dimension of Data Representations in Deep Neural Networks},
  author={Ansuini, Alessio and Laio, Alessandro and Macke, Jakob H and Zoccolan, Davide},
  journal={Advances in Neural Information Processing Systems},
  pages={6111--6122},
  year={2019}
}

@article{zeiler2014,
  title={Visualizing and Understanding Convolutional Networks},
  author={Zeiler, Matthew D and Fergus, Rob},
  journal={European Conference on Computer Vision},
  pages={818--833},
  year={2014}
}

@article{nguyen2019,
  title={Understanding Neural Networks via Feature Visualization: A Survey},
  author={Nguyen, Anh and Yosinski, Jason and Clune, Jeff},
  journal={Explainable AI: Interpreting, Explaining and Visualizing Deep Learning},
  pages={55--76},
  year={2019}
}

@article{gower1971,
  title={A General Coefficient of Similarity and Some of Its Properties},
  author={Gower, John C},
  journal={Biometrics},
  pages={857--871},
  year={1971}
}

@article{dasgupta2020bridge,
  title={Bridging Theory with Practice: An Exploratory Study of Visualization Use and Design for Climate Model Comparison},
  author={Dasgupta, Aritra and Poco, Jorge and Wei, Yaxing and Cook, Robert and Bertini, Enrico and Silva, Claudio T},
  journal={IEEE Transactions on Visualization and Computer Graphics},
  volume={26},
  number={1},
  pages={575--584},
  year={2020}
}